@misc{ n06,
       author = "Nobody Jr",
       title = "Nothing",
       year = "2006" }
@misc{ e64,
       author = "Einstein",
       title = "Growing bananas on mars",
       year = "1964" }